{
  "leader":"02830naa a2200949 c 4500",
  "fields":
  [
    {
      "001":"774101075"
    },
    {
      "003":"DE-601"
    },
    {
      "005":"20131211152435.0"
    },
    {
      "008":"131211s2013                  000 0 ger d"
    },
    {
      "016":
      {
        "subfields":
        [
          {
            "a":"10173626"
          },
          {
            "2":"DE-600"
          }
        ],
        "ind1":"7",
        "ind2":" "
      }

    },
    {
      "035":
      {
        "subfields":
        [
          {
            "a":"(DE-599)GBV774101075"
          }
        ],
        "ind1":" ",
        "ind2":" "
      }

    },
    {
      "040":
      {
        "subfields":
        [
          {
            "a":"GBVCP"
          },
          {
            "b":"ger"
          },
          {
            "e":"rakwb"
          }
        ],
        "ind1":" ",
        "ind2":" "
      }

    },
    {
      "041":
      {
        "subfields":
        [
          {
            "a":"ger"
          }
        ],
        "ind1":"0",
        "ind2":" "
      }

    },
    {
      "245":
      {
        "subfields":
        [
          {
            "a":"Methodenpluralismus in der Wirtschaftsinformatik?"
          },
          {
            "c":"Peter Loos; Tobias Mettler; Robert Winter; Matthias Goeken; Ulrich Frank ..."
          }
        ],
        "ind1":"0",
        "ind2":"0"
      }

    },
    {
      "700":
      {
        "subfields":
        [
          {
            "a":"Loos, Peter"
          },
          {
            "0":"(DE-601)523963793"
          },
          {
            "0":"(DE-588)132584069"
          }
        ],
        "ind1":"1",
        "ind2":" "
      }

    },
    {
      "700":
      {
        "subfields":
        [
          {
            "a":"Mettler, Tobias"
          }
        ],
        "ind1":"1",
        "ind2":" "
      }

    },
    {
      "700":
      {
        "subfields":
        [
          {
            "a":"Winter, Robert"
          },
          {
            "0":"(DE-601)061158240"
          },
          {
            "0":"(DE-588)171001702"
          }
        ],
        "ind1":"1",
        "ind2":" "
      }

    },
    {
      "700":
      {
        "subfields":
        [
          {
            "a":"Goeken, Matthias"
          },
          {
            "0":"(DE-601)521954924"
          },
          {
            "0":"(DE-588)132390663"
          }
        ],
        "ind1":"1",
        "ind2":" "
      }

    },
    {
      "700":
      {
        "subfields":
        [
          {
            "a":"Frank, Ulrich"
          },
          {
            "0":"(DE-601)06075236X"
          },
          {
            "0":"(DE-588)170636143"
          }
        ],
        "ind1":"1",
        "ind2":" "
      }

    },
    {
      "773":
      {
        "subfields":
        [
          {
            "i":"In: "
          },
          {
            "t":"Wirtschaftsinformatik : WI ; Organ der Fachbereichs Wirtschaftsinformatik der Gesellschaft für Informatik e.V. und der Wissenschaftlichen Kommission Wirtschaftsinformatik im Verband der Hochschullehrer für Betriebswirtschaft e.V"
          },
          {
            "d":"Wiesbaden : Springer Gabler"
          },
          {
            "g":"Vol. 55, No. 6 (2013), p. 457-464"
          },
          {
            "q":"55:6<457-464"
          },
          {
            "w":"(DE-601)130831999"
          },
          {
            "x":"0937-6429"
          }
        ],
        "ind1":"0",
        "ind2":"8"
      }

    },
    {
      "901":
      {
        "subfields":
        [
          {
            "a":"GBV"
          }
        ],
        "ind1":" ",
        "ind2":" "
      }

    },
    {
      "912":
      {
        "subfields":
        [
          {
            "a":"SYSFLAG_1"
          }
        ],
        "ind1":" ",
        "ind2":" "
      }

    },
    {
      "912":
      {
        "subfields":
        [
          {
            "a":"GBV_GVK"
          }
        ],
        "ind1":" ",
        "ind2":" "
      }

    },
    {
      "912":
      {
        "subfields":
        [
          {
            "a":"GBV_ILN_12"
          }
        ],
        "ind1":" ",
        "ind2":" "
      }

    },
    {
      "912":
      {
        "subfields":
        [
          {
            "a":"GBV_ILN_14"
          }
        ],
        "ind1":" ",
        "ind2":" "
      }

    },
    {
      "912":
      {
        "subfields":
        [
          {
            "a":"GBV_ILN_20"
          }
        ],
        "ind1":" ",
        "ind2":" "
      }

    },
    {
      "912":
      {
        "subfields":
        [
          {
            "a":"GBV_ILN_22"
          }
        ],
        "ind1":" ",
        "ind2":" "
      }

    },
    {
      "912":
      {
        "subfields":
        [
          {
            "a":"GBV_ILN_23"
          }
        ],
        "ind1":" ",
        "ind2":" "
      }

    },
    {
      "912":
      {
        "subfields":
        [
          {
            "a":"GBV_ILN_26"
          }
        ],
        "ind1":" ",
        "ind2":" "
      }

    },
    {
      "912":
      {
        "subfields":
        [
          {
            "a":"GBV_ILN_30"
          }
        ],
        "ind1":" ",
        "ind2":" "
      }

    },
    {
      "912":
      {
        "subfields":
        [
          {
            "a":"GBV_ILN_32"
          }
        ],
        "ind1":" ",
        "ind2":" "
      }

    },
    {
      "912":
      {
        "subfields":
        [
          {
            "a":"GBV_ILN_34"
          }
        ],
        "ind1":" ",
        "ind2":" "
      }

    },
    {
      "912":
      {
        "subfields":
        [
          {
            "a":"GBV_ILN_37"
          }
        ],
        "ind1":" ",
        "ind2":" "
      }

    },
    {
      "912":
      {
        "subfields":
        [
          {
            "a":"GBV_ILN_38"
          }
        ],
        "ind1":" ",
        "ind2":" "
      }

    },
    {
      "912":
      {
        "subfields":
        [
          {
            "a":"GBV_ILN_40"
          }
        ],
        "ind1":" ",
        "ind2":" "
      }

    },
    {
      "912":
      {
        "subfields":
        [
          {
            "a":"GBV_ILN_46"
          }
        ],
        "ind1":" ",
        "ind2":" "
      }

    },
    {
      "912":
      {
        "subfields":
        [
          {
            "a":"GBV_ILN_60"
          }
        ],
        "ind1":" ",
        "ind2":" "
      }

    },
    {
      "912":
      {
        "subfields":
        [
          {
            "a":"GBV_ILN_70"
          }
        ],
        "ind1":" ",
        "ind2":" "
      }

    },
    {
      "912":
      {
        "subfields":
        [
          {
            "a":"GBV_ILN_90"
          }
        ],
        "ind1":" ",
        "ind2":" "
      }

    },
    {
      "912":
      {
        "subfields":
        [
          {
            "a":"GBV_ILN_92"
          }
        ],
        "ind1":" ",
        "ind2":" "
      }

    },
    {
      "912":
      {
        "subfields":
        [
          {
            "a":"GBV_ILN_116"
          }
        ],
        "ind1":" ",
        "ind2":" "
      }

    },
    {
      "912":
      {
        "subfields":
        [
          {
            "a":"GBV_ILN_118"
          }
        ],
        "ind1":" ",
        "ind2":" "
      }

    },
    {
      "912":
      {
        "subfields":
        [
          {
            "a":"GBV_ILN_125"
          }
        ],
        "ind1":" ",
        "ind2":" "
      }

    },
    {
      "912":
      {
        "subfields":
        [
          {
            "a":"GBV_ILN_126"
          }
        ],
        "ind1":" ",
        "ind2":" "
      }

    },
    {
      "912":
      {
        "subfields":
        [
          {
            "a":"GBV_ILN_130"
          }
        ],
        "ind1":" ",
        "ind2":" "
      }

    },
    {
      "912":
      {
        "subfields":
        [
          {
            "a":"GBV_ILN_132"
          }
        ],
        "ind1":" ",
        "ind2":" "
      }

    },
    {
      "912":
      {
        "subfields":
        [
          {
            "a":"GBV_ILN_136"
          }
        ],
        "ind1":" ",
        "ind2":" "
      }

    },
    {
      "912":
      {
        "subfields":
        [
          {
            "a":"GBV_ILN_140"
          }
        ],
        "ind1":" ",
        "ind2":" "
      }

    },
    {
      "912":
      {
        "subfields":
        [
          {
            "a":"GBV_ILN_150"
          }
        ],
        "ind1":" ",
        "ind2":" "
      }

    },
    {
      "912":
      {
        "subfields":
        [
          {
            "a":"GBV_ILN_151"
          }
        ],
        "ind1":" ",
        "ind2":" "
      }

    },
    {
      "912":
      {
        "subfields":
        [
          {
            "a":"GBV_ILN_155"
          }
        ],
        "ind1":" ",
        "ind2":" "
      }

    },
    {
      "912":
      {
        "subfields":
        [
          {
            "a":"GBV_ILN_161"
          }
        ],
        "ind1":" ",
        "ind2":" "
      }

    },
    {
      "912":
      {
        "subfields":
        [
          {
            "a":"GBV_ILN_164"
          }
        ],
        "ind1":" ",
        "ind2":" "
      }

    },
    {
      "912":
      {
        "subfields":
        [
          {
            "a":"GBV_ILN_180"
          }
        ],
        "ind1":" ",
        "ind2":" "
      }

    },
    {
      "912":
      {
        "subfields":
        [
          {
            "a":"GBV_ILN_185"
          }
        ],
        "ind1":" ",
        "ind2":" "
      }

    },
    {
      "912":
      {
        "subfields":
        [
          {
            "a":"GBV_ILN_207"
          }
        ],
        "ind1":" ",
        "ind2":" "
      }

    },
    {
      "912":
      {
        "subfields":
        [
          {
            "a":"GBV_ILN_213"
          }
        ],
        "ind1":" ",
        "ind2":" "
      }

    },
    {
      "912":
      {
        "subfields":
        [
          {
            "a":"GBV_ILN_231"
          }
        ],
        "ind1":" ",
        "ind2":" "
      }

    },
    {
      "912":
      {
        "subfields":
        [
          {
            "a":"GBV_ILN_247"
          }
        ],
        "ind1":" ",
        "ind2":" "
      }

    },
    {
      "912":
      {
        "subfields":
        [
          {
            "a":"GBV_ILN_250"
          }
        ],
        "ind1":" ",
        "ind2":" "
      }

    },
    {
      "912":
      {
        "subfields":
        [
          {
            "a":"GBV_ILN_251"
          }
        ],
        "ind1":" ",
        "ind2":" "
      }

    },
    {
      "912":
      {
        "subfields":
        [
          {
            "a":"GBV_ILN_267"
          }
        ],
        "ind1":" ",
        "ind2":" "
      }

    },
    {
      "912":
      {
        "subfields":
        [
          {
            "a":"GBV_ILN_277"
          }
        ],
        "ind1":" ",
        "ind2":" "
      }

    },
    {
      "912":
      {
        "subfields":
        [
          {
            "a":"GBV_ILN_285"
          }
        ],
        "ind1":" ",
        "ind2":" "
      }

    },
    {
      "912":
      {
        "subfields":
        [
          {
            "a":"GBV_ILN_306"
          }
        ],
        "ind1":" ",
        "ind2":" "
      }

    },
    {
      "912":
      {
        "subfields":
        [
          {
            "a":"GBV_ILN_307"
          }
        ],
        "ind1":" ",
        "ind2":" "
      }

    },
    {
      "912":
      {
        "subfields":
        [
          {
            "a":"GBV_ILN_311"
          }
        ],
        "ind1":" ",
        "ind2":" "
      }

    },
    {
      "912":
      {
        "subfields":
        [
          {
            "a":"GBV_ILN_314"
          }
        ],
        "ind1":" ",
        "ind2":" "
      }

    },
    {
      "912":
      {
        "subfields":
        [
          {
            "a":"GBV_ILN_318"
          }
        ],
        "ind1":" ",
        "ind2":" "
      }

    },
    {
      "912":
      {
        "subfields":
        [
          {
            "a":"GBV_ILN_319"
          }
        ],
        "ind1":" ",
        "ind2":" "
      }

    },
    {
      "912":
      {
        "subfields":
        [
          {
            "a":"GBV_ILN_322"
          }
        ],
        "ind1":" ",
        "ind2":" "
      }

    },
    {
      "912":
      {
        "subfields":
        [
          {
            "a":"GBV_ILN_326"
          }
        ],
        "ind1":" ",
        "ind2":" "
      }

    },
    {
      "912":
      {
        "subfields":
        [
          {
            "a":"GBV_ILN_329"
          }
        ],
        "ind1":" ",
        "ind2":" "
      }

    },
    {
      "912":
      {
        "subfields":
        [
          {
            "a":"GBV_ILN_330"
          }
        ],
        "ind1":" ",
        "ind2":" "
      }

    },
    {
      "912":
      {
        "subfields":
        [
          {
            "a":"GBV_ILN_334"
          }
        ],
        "ind1":" ",
        "ind2":" "
      }

    },
    {
      "912":
      {
        "subfields":
        [
          {
            "a":"GBV_ILN_336"
          }
        ],
        "ind1":" ",
        "ind2":" "
      }

    },
    {
      "912":
      {
        "subfields":
        [
          {
            "a":"GBV_ILN_700"
          }
        ],
        "ind1":" ",
        "ind2":" "
      }

    },
    {
      "912":
      {
        "subfields":
        [
          {
            "a":"GBV_ILN_701"
          }
        ],
        "ind1":" ",
        "ind2":" "
      }

    },
    {
      "951":
      {
        "subfields":
        [
          {
            "a":"AR"
          }
        ],
        "ind1":" ",
        "ind2":" "
      }

    },
    {
      "952":
      {
        "subfields":
        [
          {
            "d":"55"
          },
          {
            "j":"2013"
          },
          {
            "e":"6"
          },
          {
            "c":"12"
          },
          {
            "h":"457-464"
          }
        ],
        "ind1":" ",
        "ind2":" "
      }

    },
    {
      "980":
      {
        "subfields":
        [
          {
            "2":"26"
          },
          {
            "1":"01"
          },
          {
            "b":"1449884776"
          },
          {
            "x":"0206"
          },
          {
            "y":"z1h"
          }
        ],
        "ind1":" ",
        "ind2":" "
      }

    },
    {
      "980":
      {
        "subfields":
        [
          {
            "2":"250"
          },
          {
            "1":"01"
          },
          {
            "b":"1450530346"
          },
          {
            "x":"3250"
          },
          {
            "y":"x"
          }
        ],
        "ind1":" ",
        "ind2":" "
      }

    }
  ]
}
